1024 1514
240 33 60 39 520

376 23 423 45 DE LA REPVBLIQVE

235 65 675 44 ſoumis aux loix & commandemens d’autruy. Quant au

237 102 670 38 premier poinct, & qui eſt le plus ordinaire changement,

235 131 676 38 nous en auons aſſez d’exemples cõme les Piſiſtratides en

236 161 676 41 Athenes: les Cypſelydes en Corinthie: Thraſibule, Ge¬

234 193 676 44 lon, Denys, Hierõ, Agatocle en Syracuſe, Panece & Ice¬

235 225 675 41 te en Leonce, Phalaris à Grigenti, Phidon en Argos, Pe¬

234 257 677 40 riandre en Ambrace, Archelaus en Candie, Euagore en

236 290 674 39 Cypre, Polycrate en Samos, Anaxilaus en Rhege, Nico¬

233 321 676 38 cle en Sicyone, Alexandre en Phenee, Mamerque en Ca¬

233 352 677 40 tane, les dix commiſſaires en Rome, & apres eux Sylla &

236 383 672 36 Ceſar, la maison de Leſcale à Veronne, les Bentiuolles à

235 416 673 40 Boulongne, les Manfrois à Fauence, les Malateſtes à

234 446 670 41 Arimini, les Baillons à Perouſe, les Vitelles à Tiferne,

234 478 673 40 les Sforces au Duché de Milan: & pluſieurs autres, qui

233 510 674 41 de ſimples capitaines & gouuerneurs ſe ſont faits ſei¬

236 541 670 45 gneurs par foice. Car en matiere d’eſtat, on peut tenir

236 572 670 46 pour maxime indubitable, que celuy eſt maiſtre de l’e¬

235 605 672 40 ſtat qui eſt maiſtre des forces. C’eſt pourquoy és Repu¬

236 639 667 39 bliques Ariſtocratiques & populaires bien ordonnees,

238 671 667 39 les grands honneurs ſont ottroyez ſans aucune puiſſan¬

233 704 672 35 ce de commander : & ceux qui ont plus de puiſſance ne

234 733 670 39 peuuent rien commander ſans compagnon: ou bien s’il

234 765 667 40 est impoſſible de diuiſer le commandement à pluſieurs,

232 799 673 39 comme il eſt fort dangereux en guerre, le temps de la

232 829 672 38 commiſſion ou du magiſtrat est court. Ainſi faiſoient les

229 860 674 41 Romains, mettant deux Conſuls, & les Carthaginois

231 894 673 37 deux Suffetes, qui auoient puiſſance de commander cha¬

229 925 673 40 cun ſon iour: car combien que la diſſenſion qui eſt ordi¬

230 957 673 40 naire entre ceux qui ſont egaux en puiſſance, empeſche

231 988 671 39 quelquefois l’execution des choſes vtiles, ſi eſt-ce que

229 1020 673 40 telle Republique n’eſt pas ſi ſugette d’eſtre tournee en

230 1049 669 42 Monarchie, que s’il n’y a qu’vn ſouuerain Magiſtrat,

229 1082 672 35 côme le grand Archon d’Athenes, le Pritanne des Rho¬

229 1114 673 38 diots, le capitaine des Acheans & des Ætoles, le Gonfa¬

228 1144 674 38 lonnier des Florentins, le Duc de Genes. Pour meſme

228 1176 673 38 cauſe le dictateur en Rome ne duroit ſinon autãt que la

228 1206 673 43 charge le requeroit, qui ne paſſoit iamais ſix mois pour

228 1238 671 40 le plus: & quelquefois n’a duré qu’vn iour. Et le temps

228 1274 668 37 expiré, la puiſſance de commander ceſſoit, & ſi plus lõg

227 1302 671 40 temps le dictateur retenoit les forces, il pouuoit eſtre

226 1334 671 45 accuſé de leſe majeſté. Et meſmes en Thebes, tãt que l’e¬

88 528 145 53 En matiere

84 572 145 52 D’eſtat celuy

87 617 139 49 eſt maiſtre

84 658 144 46 de la Repu

83 696 146 48 blique, qui

83 734 146 54 eſt maiſtre

84 773 134 56 de la force.

847 1365 53 40 ſtat
