775 1200
340 48 32 28 II

78 61 559 60 que le meſpris des Loix & de la Royauté y eſt ſi

80 98 556 54 grand que les Princes n’y ſont reſpectez que par

80 130 558 53 humeur, & les Loix obſeruées q̃  par acquit, encor

82 158 558 52 eſt-il plus en l’apparance qu’en l’effect: Le ſimple

83 190 559 56 peuple de qui l’eſprit n’eſt pas capable d’vne forte

83 223 557 54 raciocinatiõ, & qui ne croit que ce qu’il s’imagi¬

84 252 559 55 ne eſt incontinent trainé au deſſeing de ces reli¬

88 284 556 50 gieux, qui leur preſchent la reuolte pour du pain,

85 313 561 55 faiſans peur aux debiles conſciẽces, & eſbranlant

88 346 558 52 les mieux fondees par ie ne ſçay quelle menace,

90 377 558 51 qui ſert de gehenne aux ames deuotes, d’ẽbuſches

90 406 559 53 à la vie des Roys, de troubles au republique, de

90 438 558 52 matiere à la ſuperſtition & de ſcandale à l’Egliſe,

90 470 562 52 de qui les iuſtes & ſainctes armes ne s’employent

91 502 563 48 iamais contre ceux qui la recognoiſſent & viuent

92 532 562 47 ſous ſon eſtendart, reſolus d’y combatre iuſques à

93 563 559 49 la mort. Y a-il rien de plus impertinẽt ou de plus

94 594 559 50 laſche que quelques officiers du Roy, qui abba¬

96 625 559 51 yants à l’õbre des Mitres, & des Chappeaux rou¬

98 660 558 46 ges, auec vne eloquence plus forcee que natu¬

96 687 561 49 relle, & auec plus de deſſein que raison, iuſques à

98 720 560 47 ceſte heure ont maintenus les Ieſuiſtes, auec tant

97 750 560 48 d’ardeur qu’ils embraſoyent les parolles des fi¬

100 779 556 50 delles ſeruiteurs de leur maiſtre, les conuertiſſant

100 812 562 48 en fumee, lors meſme qu’il eſtoit queſtion de la

101 847 561 47 vie du Roy, & que l’on proteſtoit contre eux, du

102 876 561 46 peu de compte qu’ils en faiſoient, pour eſtre en

102 906 561 46 reputation à l’endroit du Pape, & de ſes creatures

102 937 563 47 formelles les Ieſuiſtes? Il s’en faut peu que ie ne

106 970 557 52 vous nommes ingrates pies de ceſte grande cage:

500 998 62 42 B 2
