859 1200
437 73 22 46 2

130 113 620 50 deur du Soleil: Mais pluſtoſt parmy

130 157 623 47 le repos & durant le ſilẽce de la nuict

130 200 623 51 à la faueur de quelque Phare ou Flã¬

130 244 623 50 beau allumé. Mais ce qui violẽte d’a¬

132 288 618 49 uantage la conſtance des plus hau¬

133 328 617 48 tains courages en la recherche de ſes

132 370 618 54 faueurs, eſt qu’apres en auoir gouſté

134 418 616 45 quelque temps le nectar & ſauouré

133 458 616 47 l’ambroſie. Bien toſt on ſouffre le de¬

135 500 611 58 gouſt de mille & mille preſſantes a¬

132 550 201 48 mertumes.

134 590 614 52 Ie parle de ceux qui trop auidemẽt,

130 633 619 49 aualent ſes douceurs ſans conſiderer

132 676 618 48 la force & violance des trouppes en¬

130 718 622 49 nemies d’vne floriſſante ſymetrie &

130 763 628 45 ſanté. Il n'y a rien au terroir de nature

134 803 615 47 plus digne & ſortable à l’eſprit hu¬

129 850 623 48 main, que les graces & faueurs de

130 892 623 48 l'attrayante Minerue: mais ne faut

135 933 616 52 pas croire qu’on en puiſſe iouïr à lon¬

132 978 616 52 gues annees, ſans reſſentir de cuiſan¬
