795 1200
295 105 50 42 69

74 145 489 51 eſtoit preſente à tous hõmes d’en¬

72 188 493 51 tendement, la ruine de ce pauure

72 228 494 57 Royaume, par la rupture d’icelle.

74 270 493 56 Du Tiers Eſtat, qui plus a d’intereſt

72 312 493 58 à ce faict, ſe trouuoyent ſept Pro¬

71 356 489 58 uinces contre cinq. En la Nobleſſe,

72 400 490 58 qui plus auoit eſté ſollicitee de bri¬

72 446 490 54 gues, la plus grande partie ſe con¬

70 491 492 53 tentoit de moderation: au Clergé

67 528 496 62 meſme tout paſſionné qu’il peuſt

70 571 490 60 eſtre, s’en trouuoit des plus nota¬

68 613 497 61 bles de ceſte opinion. Les plus sa¬

70 658 488 58 es & anciens Conſeillers de ſa

68 702 490 57 Maieſté, & les plus vieux Capitai¬

66 746 489 59 nes, tenoyent pareillement pour

66 785 488 59 l’entretenement de l’Edict. Le Roy

71 830 485 59 qui par le mauuais conſeil de quel¬

70 876 486 55 ques vns tendoit à ſa ruine, fut con¬

65 918 490 63 traint d’y mettre la main en propre

406 970 57 58 I iij
