931 1200
428 40 20 28 23

124 60 598 44 Sancto de Rome, & de S. Iacques in Compoſtella,

124 96 599 46 & de ſaincte Marie du Peuple, accordées & qui

124 134 525 43 s'octroyeront par tous les Papes. Iule lII.

124 170 598 46 3. Les Confreres ſont faits participans de tous

117 205 603 43 les ieunes, veilles, oraiſons & voyages de la Ter¬

120 242 601 43 re-ſaincte, Indulgences du tres-ſainct Iubilé, &

121 278 602 40 ſtations, dedications de l’Egliſe Romaine, et de

120 313 599 44 tous les biens qui ſe recueillent audit Archihoſ¬

120 348 598 44 pital, & dedans tout l’ordre du S.Eſprit, & finale¬

118 384 602 42 ment en toute la ſacrée Egliſe de Rome, et bien

120 421 600 42 qu’ils mouruſſent dedans l’an, apres auoir eſté

118 456 599 42 enroollez en ladite Confraternité ils gaignent)

119 491 585 43 outre leſdites) Indulgence pleniere. Bonif. IX.

119 526 596 40 4. Les Confreres participent à tous les biens,

118 559 599 47 qui ſe font dedans l’Egliſe Militante Vniuerſelle,

117 596 600 42 ainſi l’ordonna Leon X. et reſolut qu’en faueur

116 632 598 44 du S. Eſprit, pas vne de ſes Bulles peuſt eſtre d’eſ¬

116 666 399 44 ſtruite ny ſuſpenduë. Leon X.

116 699 598 43 5. Tous les Confreres de l’Archihoſpital du S.

116 738 600 41 Eſprit, s’aſſembleront tous les ans aux feſtes de

114 772 602 43 la Pentecoſte, en l’Egliſe de S. Pierre, ou le ſainct

114 808 599 44 Suaire de noſtre Seigneur leur ſera monſtré, & ils

115 844 599 42 gaigneront l’Indulgence pleniere, en viſitant

116 878 382 43 I'Egliſe du S. Eſprit. Leon X.

116 911 598 47 6. Tous les Freres qui ſe trouueront à Rome, au

112 950 603 42 iour de le Pentecoſte, pourront tous les ans choi¬

112 986 600 44 ſir vn Confesseur approuué, lequel auec l’authori¬

113 1022 605 56 té Apoſtolique leur donne l’abſolution, meſme
