515 640
238 34 11 17 1

439 10 56 27 RP92C2

91 105 312 44 ATTESTATION

98 143 301 26 TOVCHANT LA DOVBLE CROIX,

107 162 279 30 de l’Ordre du S. Esprit, ſous

126 186 241 35 la reigle de S. Auguſtin.

88 218 319 26 LE PATRON ORIGINAIRE

95 237 306 25 de laquelle double Croix faict de bois, & apporté par

105 254 289 24 Saincte Marthe de Betanie en France, ſe trouue

108 271 282 24 encores auiourd'huy en nature, ayant apres ſon decés

117 288 266 24 eſté mis dans son Tombeau, & depuis soigneuſe¬

133 304 231 29 ment conſerué auec ſes Sainctes Reliques.

189 328 221 33 OVS ſouſignés certifions & at¬

191 354 222 26 teſtons en IESVS-CHRIST, qui

191 375 221 23 doit venir iuger les viuans & les

190 392 223 26 morts, que le vingtieſme du mois

192 411 218 24 d’Aouſt dernier Mõſieur de la Ter¬

187 429 225 24 rade, General de l’Ordre du ſainct

87 447 325 28 ESPRIT, ſous la reigle de ſainct Auguſtin,

88 467 324 25 ayant eu l’honneur de venir viſiter MADAME

89 484 323 28 SAINCTE MARTHE, dans noſtre Egliſe Col¬

89 506 322 25 legiale de Taraſcon, il y ſeroit reuenu ce iour¬

91 523 318 43 d'huy, & nous auroit ſupplié de luy vouloir ac¬

323 548 10 25 A
