783 1200
177 65 44 33 148

298 59 322 36 OCTAVIAN AVGVSTE.

179 96 549 36 autre nation. Tellemẽt que cent ans apres l’eſtablis¬

180 124 548 37 ſemẽt des Empereurs, l’on trouue que l’on marquoit

181 151 549 39 à la main les ſoldats vne fois enrollez, afin de les

179 180 549 42 empeſcher de se cacher ou deſguiser lors qu’il faloit

180 212 549 38 dreſſer vne armée. Et que depuis encor on s’aduiſa

180 243 548 37 de charger ceus qui poſſedoint beaucoup de terres

179 272 550 38 de certain nombre de gens de guerre qu’ils eſtoint

178 302 550 38 tenuz de fournir au beſoing. Ce qui a eſté le com¬

179 332 549 32 mencement des fiefs introduits aſſez vtilement en

180 360 548 40 la plus part de l’Europe: & delaiſſez encor plus mal

180 390 548 40 à propos par la negligence des Princes. Mais au reſte

180 420 548 39 l'Empire deuenu ſi grand ne pouuoit lors à peine

179 449 549 40 fournir dequoy reparer vne ſeule perte: là où la ſeu¬

180 478 549 39 le ville de Rome apres les deſaſtres de trois batail¬

180 508 548 42 les gaignées par Hannibal, enfantoit encor des ar¬

180 540 547 38 mées, qui ſi longuement luy feirent teſte , & le ter¬

178 568 550 40 raſſerent en fin. Tant il eſt certain que le feſte de tou¬

180 598 549 40 te eminente grandeur, eſt le commencement de

184 631 544 37 ſa ruïne. Ce que preuoyant ce ſage Prince, il auoit

181 658 549 38 retrãché de ſon ambition toute eſperance d’accroiſ¬

178 687 552 41 ſement, & par exprez dans ſon teſtament il l’auoit

180 716 549 42 laiſſé comme pour memorial & ſalutaire enſeigne¬

179 746 551 39 ment à ceus qui viendroint apres luy. Mais il ne fuſt

179 776 549 43 pas creu ny lors ny depuis, & par meſme moyen ſe

180 806 549 42 peut dire auoir preueu le mal qui aduiendroit à ſon

181 837 549 39 eſtat, lors qu’on feroit retẽtir les armes & nom Ro¬

179 866 553 40 main entre les nations eſtrangeres, qui le deuoint

180 896 550 36 vn jour fouler aus pieds, & diſſiper entieremẽt. Mais

179 925 552 42 pour l’heure il eſt bien certain que cette faueur du

179 956 552 42 Ciel qui l’auoit accompagné, reteint la dangereuſe

180 986 550 47 conſequence de cet euenement, par le bon ſuccez

92 628 84 36 Preuoyance

686 1025 44 36 que

115 132 62 34 Soldatz

95 158 84 32 marquez à

94 181 64 31 la main.

93 659 81 37 d'Auguſte.
