957 1566
158 66 752 64 marine: de eulx, entendans nouuelles

160 120 749 65 de terre ferme. Nous raillans auec

160 174 747 71 eulx, cõgneuſmes qu’ilz eſtoiẽt Frã¬

160 230 750 70 çois Xanctongeois. Deuiſant & rai¬

161 285 754 69 ſonnant enſemble, Pantagruel entẽ

161 337 758 71 dit qu’ilz venoiẽt de Laternois, dõt

163 394 758 69 eut nouueau accroiſſemẽt d’allegreſ

166 447 752 74 ſe, auſsi eut toute l’aſſemblée, meſme

166 503 754 70 ment nous enqueſtans de l’eſtat du

174 560 747 72 pays, & meurs du peuple Lãternier,

170 613 751 72 & ayans aduertiſſemẽt, que ſur la fin

170 665 753 74 du mois de Iuillet ſubſequent, eſtoit

172 720 751 77 l’aſsignation du Capitre general des

171 771 752 81 Lanternes, & que lon y faiſoit grãds

172 830 751 80 appreſts, comme ſi on y deuſt lanter

174 888 750 72 ner profondemẽt. Ce pendãt qu’en¬

176 942 748 72 tendions ces nouuelles, Panurge

181 998 746 72 print debat auec vn marchant de

185 1044 744 74 Taillebourg, nommé Dindenault, le

181 1104 752 80 quel auoit dedans la nauf grãde quã

183 1155 750 88 tité de moutons. L’occaſion du de¬

848 1210 95 68 bat,
