912 1200
469 113 31 26 (4)

195 130 578 26 complette porteroit le traitement de cette maladie à une grande perfection. Si le ſuccès

194 153 579 26 répond à notre attente, ce ſera une preuve de plus de l'influence que les progrès de

195 170 493 26 l'analyſe chimique animale peuvent avoir ſur l'avancement de la Médecine.

210 191 562 26 La Société regrette que le Prix propoſé ſur cette question ait été retiré; mais elle

196 211 574 26 ne s'en croit pas mois obligée de témoigner à l'Auteur ſa ſatisfaction & ſon eſtime.

196 229 578 25 Elle lui offre, comme un foible dédommagement de ſon travail, une somme de

196 246 576 26 600 liv. laquelle ſera prélevée ſur l’intérêt d’un fond qui lui a été remis en 1788, pour

196 266 576 28 rétabliſſement d’un Prix relatif aux progrès de l’art de guérir. Mais ſur tout la Com¬

196 287 579 26 pagnie a cru ne pouvoir rien faire qui fût plus agréable à l'Auteur, que d’arrêter qu’il

195 306 579 28 ſera fait, par un de ses Membres, un extrait de ce Mémoire, pour être lu dans ſa Séance

196 325 578 25 publique. C'eſt récompenſer dignement le Citoyen Bonhomme que de prendre les

196 344 578 28 meſures les plus certaines & les plus promptes pour répandre les vues utiles que

195 363 527 33 contient ſa dissertarion, & pour appeller ſur elle le jugement de l'expérience.

469 393 33 27 II.

209 421 565 34 La Société avoit propoſé dans ſa Séance publique du 30 Août 1791, pour ſujet d'un

196 445 357 29 Prix de la valeur de 600 livres, la queſtion ſuivante:

210 461 564 32 Determiner quels ſont, dans les affections de poitrine, les cas où l'on doit appliquer

196 482 578 30 les exutoires; quels doivent en être le tems, le lieu & la durée, & quelles précautions

196 503 504 28 doivent être priſes, ſoit pour les ſupprimer, ſoit pour les changer de place.

211 521 564 30 La Compagnie n'a point été aſſez ſatisfaite des Mémoires envoyés à ce Concours pour

197 540 547 34 adjuger le prix. Elle a cependant diſtingué le Mémoire remis avec cette Epigraphe:

212 564 562 32 Quod remedium non ſanat, ferrum ſanat; quod ferrum non ſanat, ignis ſanat. Hipp.

210 590 563 32 L'Auteur de ce Mémoire eſt le Docteur Joachim Van Schouetten, Profeſſeur de Mé¬

196 612 579 34 decine à Amſterdam. La Société lui a décerné un Prix d'encouragement de la valeur

196 636 113 23 d’un jetton d’or.

209 649 265 42 La Compagnie a retiré ce Programme.

461 682 46 45 III.

205 720 571 32 Un autre Prix de la valeur de 600 livres, a été propoſé dans les Séances du 28 Août

197 740 545 32 1787, du premier Septembre 1789 & du 15 Mars 791, ſur la queſtion ſuivante:

206 761 570 31 Déterminer la nature du pus, & indiquer à quel ſigne on peut le reconnoître dans

196 780 404 30 Ies différentes maladies, ſur-tout dans celles de la poitrine.

208 796 568 30 La Société n'a point été ſatisfaite des Mémoires qui lui ont été remis; mais la

196 817 579 33 queſtion eſt ſi importante que nous croyons devoir encore appeller, ſur elle, l'attention

196 838 554 30 des gens de l'Art, en propoſant ce Programme pour la quatrieme & derniere fois.

212 855 562 34 Les Mémoires ſeront envoyés avant le premier Mai 1794. Le Prix ſera distribué dans

196 881 332 35 la Séance publique de l'été dans la même année.

463 903 37 38 IV.

210 938 563 35 Un Prix de la valeur de 600 livres, avoit été propoſé dans la Séance du 23 Février

199 964 207 34 1790, ſur la queſtion ſuivante:
