850 1200
170 112 301 29 ET AUTOUR DU MONDE.

544 116 32 33 375

66 136 514 38 étroite péninsule, dont l’extrémité Sud gît par 50° de latitude

66 163 197 27 et 235° 9' de longitude.

84 184 494 35 J’ai appelé l’extrémité de cette péninsule, POINTE MUDGE,

64 210 516 32 du nom de mon premier lieutenant, qui la découvrit du sommet

64 232 516 34 d’une montagne aux environs de notre mouillage, et qui avoit

63 255 517 33 découvert aussi l’entrée: elle forme avec la grande terre du côté

62 277 516 35 Ouest du golfe, un canal d’à-peu-près un mille de largeur, et

62 300 517 36 dans une direction N. N. O., que M. Puget et M. Whidbey avoient

61 324 515 32 suivi l’espace de trois ou quatre lieues, sans qu’il parût se terminer;

62 348 513 32 au contraire, plus ils avançoient, et plus ils le trouvoient étendu.

60 370 517 34 La marée y étoit régulière et rapide, et le flot venoit évidemment

62 392 513 35 du N. O. : il en résultoit que ce canal devoit être d’une étendue

60 414 515 36 considérable; et ils revinrent me faire leur rapport. Un gros village

60 438 516 35 se montre sur la Pointe Mudge : le détachement, à son passage et à

60 460 516 36 son retour, fut abordé par plusieurs naturels, qui se conduisirent

59 486 516 32 avec beaucoup de civilité et de respect. Il rencontra un ruisseau

60 507 514 35 d’une excellente eau douce, sur la rive de l’Ouest, immédiate¬

59 528 513 34 ment en dehors de l’entrée: l’entrée est très-saine, et offre un

59 550 515 37 bon mouillage. Il y a autour de la Pointe Mudge, à environ un

58 574 516 35 demi-mille, un banc de rochers submergés; mais les herbes marines

59 597 513 35 qui s'y trouvent le font aisément apercevoir. De la Pointe Mudge,

58 624 516 30 nos embarcations se portèrent vers le Nord, pour revenir au

58 642 515 34 mouillage en faisant la reconnoissance des rives coupées qui se

58 666 516 32 présentoient dans cette partie. Elles effectuèrent ce passage à travers

58 688 517 37 un canal très-embarrassé, rempli de rochers submergés et d’îlets

59 710 511 37 de roche, qui les amena à la pointe Nord de l’île au rivage S. O.

57 734 513 38 de laquelle nous étions à l’ancre: cette pointe étoit au N. 53° O.

57 758 271 30 des vaisseaux, à environ 4 milles.

75 780 495 36 Ce rapport me donna plus d’impatience encore pour le retour

57 802 512 38 de l’autre détachement : si je n’apprenois rien qui pût faciliter le

55 826 513 38 progrès des vaisseaux, j'espérois du moins rencontrer un mouillage

56 850 512 35 qui offrît plus de ressources. Nous n’avions, ni un seul point

56 872 510 44 de vue agréable, ni la moindre récréation à terre, ni aucune

601 169 51 26 1792.

598 188 52 30 JUILLET.
