911 1200
454 89 50 24 (10)

180 103 597 31 c'est-à-dire, avec une double enveloppe , la premiere à l'adreſſe de M. VICQ-D'AZYR; rue

181 126 597 28 de Tournon, n°13, la ſeconde ou celle extérieure à l’adreſſe de Monseigneur le Direc¬

181 146 597 30 teur-Général des Finances, à Paris, dans le departement & ſous les auſpices duquel ſe fait

182 169 141 29 cette Correſpondance.

193 189 585 40 Il est essentiel de détruire ici l'erreur où ſont quelques Médecins, Phyſiciens & Chirurgiens

182 217 593 33 qui ne correſpondent point avec la Société, parce qu’elle a déja, dans les lieux qu'ils habitent;

182 237 595 33 des Aſſociés ou des Correſpondans. La Compagnie eſt bien éloignée d'avoir adopté ce prin¬

183 258 595 32 cipe ; elle déſireroit avoir tous les gens de l'Art pour Correſpondans; elle fera parvenir à

184 278 522 36 tous ceux qui lui écriront les Feuilles ou Annonces qu'elle eſt chargée de diſtribuer.

426 902 130 30 A PARIS,

206 921 558 36 De l'Imprimerie de PH.-D. PIERRES, Premier Imprimeur Ordinaire du Roi,

269 943 425 45 de la Société Royale de Médecine, &c. rue Saint-Jacques. 1789.
