1024 1310
596.0 114.0 52.0 34.0 (6)

360.0 144.0 550.0 34.0 Les petits bateaux, lorsqu'on ne s’en servira pas, seront

338.0 166.0 574.0 48.0 attachés avec une chaîne et un cadenat, afin d’en ôter la

340.0 200.0 264.0 46.0 jouissance aux malveillans.

546.0 230.0 162.0 46.0 ART. XVIII.

362.0 256.0 548.0 54.0 Les bateaux en réparation ou radoub seront rangés éga¬

340.0 294.0 572.0 44.0 lement dans des lieux où ils ne puissent nuire à la navigation,

342.0 324.0 572.0 42.0 et hors du chemin du halage; cependant on pourra continuer

344.0 352.0 570.0 44.0 leurs réparations au-dessous du pont du Pâtis, à Montargis,

344.0 380.0 570.0 42.0 sous la condition expresse de n’en placer jamais deux l’un à

346.0 406.0 568.0 46.0 côté de l’autre, suivant le cours de l’eau, de manière que le

346.0 434.0 570.0 48.0 passage des bateaux et le halage pour les hommes et les che¬

348.0 468.0 404.0 48.0 vaux ne puissent éprouver aucun obstacle.

566.0 500.0 138.0 48.0 ART. XIX.

368.0 534.0 552.0 50.0 Lorsqu’il se trouvera des bateaux en danger de couler à

348.0 570.0 574.0 44.0 fond pour avoir négliger d’en jetter l'eau, ou qu’enfin ils

348.0 598.0 580.0 44.0 seront coulés à fond ou brisés, il en sera tout aussi-tôt dressé

350.0 626.0 576.0 46.0 procès-verbal par le garde le plus voisin, qui le remettra sans

350.0 654.0 576.0 42.0 aucun délai au commissaire du directoire exécutif près le

352.0 680.0 578.0 46.0 canton, à l’effet de faire rendre un jugement sommaire par le

354.0 710.0 574.0 44.0 juge-de-paix, qui autorisera l'ingénieur à faire mettre à flot

354.0 738.0 576.0 42.0 ou à déchirer le bateau, s’il étoit hors d’état d’être relevé,

354.0 768.0 574.0 40.0 le tout aux frais du propriétaire, ou, à défaut de le connoître,

354.0 794.0 572.0 44.0 sur le prix de la vente dudit bateau, qui seroit faite à la

356.0 826.0 258.0 46.0 diligence du juge-de-paix.

580.0 856.0 126.0 44.0 ART. XX.

380.0 888.0 550.0 48.0 Il est expressément défendu à tous compagnons de rivière,

358.0 920.0 570.0 46.0 conducteurs de bateaux, trains ou coches d’eau, mariniers

360.0 950.0 570.0 62.0 ou tous autres, d'ouvrir et manœuvrer par eux-mêmes les
