706 1200
194 153 232 38 D'UN FAT.

484 154 34 42 89

101 186 423 46 jouoit plus. Le Duc de Péligni

100 226 423 42 s’approcha de la Comteſſe de St.

99 266 423 42 Ange. Avez-vous vu, lui deman¬

98 304 424 40 da-t-il, la Cantate que je vous ai

97 338 421 46 envoyée ce matin ? Non, dit-elle;

97 380 423 42 mais ſi vous voulez, nous allons

96 417 423 40 l’examiner enſemble. Vous chan¬

96 455 425 39 tez auſſi, dit le Comte à Madame

96 490 423 46 de St. Ange ? Un peu, répondit-

94 530 424 45 elle. Elle paſſa dans le ſalon de

93 570 423 40 muſique, & tout le monde l’y

94 605 424 43 ſuivit. Le Comte de Tameré prit

93 642 423 42 la Cantate des mains de Madame

92 681 423 46 de St. Ange, & fredonnant en la

94 724 419 41 parcourant des yeux, elle eſt à

90 759 422 41 deux voix, dit-il, j’en ſuis ravi:

90 798 422 43 l’accompagnement me paroît ga¬

88 834 424 46 lant. La Comteſſe voyant qu’il

88 875 425 43 comptoit la chanter avec elle, lui

88 912 420 40 dit : c’eſt pour une haute-contre;

88 947 423 50 quel eſt votre genre de voix? Ma
