921 1200
184 54 207 35 BCN 22 83451

315 325 202 66 PRIX

134 394 554 40 Diſtribués dans la Séance publique, tenue par la Société Royale

222 419 386 53 de Médecine au Louvre, le 30 Août 1785.

401 499 24 35 I.

135 522 548 44 LA Société avoit propoſé dans ſa Séance publique du 26 août 1783,

135 555 552 35 pour ſujet d’un Prix de la valeur de 600 livres, fondé par le Roi, la

134 582 155 25 queſtion ſuivante:

150 593 539 38 Déterminer quels ſont les avantages & les dangers du Quinquina adminiſtré

136 620 514 31 dans le traitement des différentes eſpèces des fievres rémittentes.

154 640 533 35 Cette queſtion intéreſſante pour la Médecine pratique, a été traitée

134 662 554 33 par un très-grand nombre de Concurrens; quatre Mémoires ont ſur-tout

133 682 555 39 fixé l'attention de la Compagnie, qui leur à diſtribué des Prix dans l’or¬

133 707 101 29 dre ſuivant:

152 719 534 39 Elle a adjugé le premier Prix conſiſtant en une médaille d’or de la

134 746 552 29 valeur de 250 livres à M. Baumes, Docteur en Médecine à Lunel en

133 765 552 33 Languedoc, Auteur d’un Mémoire ayant pour épigraphe une phraſe ex¬

134 787 414 29 traite de l’ouvrage de M. Stoll, intitulé ratio medendi.

154 808 532 29 Le ſecond Prix conſiſtant également en une Médaille d’or de la valeur

132 829 553 30 de 250 livres, a été décerné à M. Barailon, Docteur en Médecine à

132 848 552 32 Chambon en Combrailles, Auteur d’un Mémoire, ayant pour épigraphe

134 869 430 33 un paſſage extrait du Traité de Sydenham, de hydrope.

152 892 534 29 La Société ayant été très-ſatisfaite des Mémoires cotés F & A avoit

132 914 553 28 arreêté qu’Elle décerneroit à leurs Auteurs une Médaille d’or, de la

134 933 550 27 même forme que les jettons d’argent qui sont diſtribués dans les Séances

134 953 551 40 particulieres de la Compagnie; mais à l'ouverture du cachet du premier
