699 1200
236 123 34 33 88

318 126 253 39 La fauſſe Délicateſſe.

232 165 426 35 obéiſſance? Un époux dont vous ne poſ¬

232 194 426 42 ſéderez point le cœur : depuis long tems

232 228 426 40 épris des charmes de miſs Marchmont,

233 258 427 43 Sidney gémit de ne pouvoir s’unir à elle.

256 290 301 40 Le COL. Effronté menteur!

256 320 403 44 Miſs RIV. Cher Harry! qu’exigez-vous

235 357 127 38 de moi?

257 390 361 37 Le COL. Cher Harry! aye, aye.

257 422 400 41 Sir HARR. Exiger, ma chere ? Ah!

236 456 422 40 j’implore vos bontés, je prie, je n'exige

235 490 423 38 pas. Daignez m'aſſurer votre cœur, vo¬

234 520 425 37 tre main. Ma ſenſible, mon adorable

234 553 254 40 Théodore, ſoyez à moi.

256 583 402 45 Le COL. Le diable l'emporte! adora¬

233 620 315 41 ble ! maudite ſoit l’expreſſion.

262 649 398 44 Sir HARR. J’approuve votre tendreſſe

235 688 185 39 pour le colonel.

260 717 401 39 Le COL. Vous me faites bien de la

238 757 71 34 grace.

260 784 398 40 Sir HARR. L'amour filial est une des

234 818 426 40 vertus que je reſpecte en vous; mais les

233 852 304 37 droits d’un pere ſont bornés.

261 881 399 41 Le COL. Et ceux d’un amant ſans li¬

233 916 79 52 mites.
