1024 1381
700 101 19 35 13

142 120 578 41 ſourcis juſqu’au bout du muſeau, & qui le fai¬

140 154 582 42 ſoient reſſembler à celuy d’une grenoüille. Ari¬

141 187 573 43 ſtote dit qu’il eſt ſemblable au Chœropithecus,

140 220 583 40 qui eſt un animal inconnu, dont le nom ſignifie

138 254 584 41 qu’il tient du ſinge & du pourceau: mais le mu¬

139 289 584 40 ſeau de noſtre Caméleon ne reſſembloit ny à ce¬

141 323 582 40 luy d’un ſinge, ny à celuy d’un pourceau; car la

140 357 582 38 machoire de deſſous avançoit davantage que

138 387 585 45 celle de deſſus, qui eſt le contraire du groüin de

142 428 135 35 pourceau.

173 451 557 41 Sur le bout du muſeau il y avoit un trou de

138 484 582 38 chaque coſté en forme de narine. Belon ſem¬

139 517 581 40 ble faire entendre que ces trous ſervent auſſi à

137 552 583 38 l'oüye; & cela avec autãt de raiſon qu’Alomæon

138 585 580 40 a dit, ainſi qu’Ariſtote rapporte, que les Chevres

138 617 580 42 reſpirent par les oreilles, qui eſt une choſe qu’Æ¬

138 650 576 43 lian dit n’eſtre cruë que par les Bergers, quoy

139 683 578 41 que Tulpius aſſure dans ſes Obſervations, qu’en

137 715 579 40 lhomme meſme il ſe trouve un conduit qui por¬

137 747 579 40 te l’air dans la bouche par les oreilles. La verité

137 779 579 43 eſt, que noſtre Caméleon n’avoit point d’autres

138 814 579 39 ouvertures en la teſte que ces deux narines, par

136 845 580 44 leſquelles il y a apparence qu’il reſpire, parce

138 880 579 38 que ſa gueule eſt ordinairement fermée ſi exa¬

137 913 580 40 ctement qu’il ſemble n’en point avoir, ſes deux

136 945 580 43 machoires eſtant jointes par une ligne preſque

138 978 578 43 imperceptible, quoy que Solin ait écrit qu’il a

139 1010 577 44 la gueule inceſſamment ouverte: ce qui peut fai¬

140 1044 574 50 re croire que Solin & la pluſpart de ceux qui ont

519 1075 68 42 B iij
