871 1200
187 131 263 52 DE MONTPELLIER.

539 152 22 38 41

93 176 475 37 Cette hypothèſe, qui étoit à-peu-près celle que

80 204 486 32 j’avois adoptée dans mes premières recherches, me

78 228 488 31 jeta dans un grand embarras & dans des contradic¬

78 250 490 33 tions ſi manifeſtes, que je fus obligé d’abandonner

77 273 491 33 ce ſyſtême pour ſuivre une autre route qui me réuſſit

76 296 494 34 aſſez bien, puiſqu’elle me fit trouver une Méthode

80 322 486 32 générale pour calculer la pouſſée des Voûtes de

78 344 340 31 quelque eſpèce qu’elles pûſſent être.

94 370 474 30 On ſera ſans doute ſurpris qu’avec une ſi grande

78 390 491 34 envie de m’inſtruire, je n’aie pas d’abord conſulté

78 412 486 36 ce que d’habiles Géomètres ont écrit ſur ce ſujet;

77 439 490 32 mais liſant pour lors dans les Auteurs qui traitent

78 460 486 35 de la coupe des pierres, que l’on n’avoit trouvé

78 483 488 34 juſqu'à préſent que des Méthodes fondées sur l'ex¬

78 508 489 32 périence, je crus bonnement que perſonne n’avoit

78 530 488 33 travaillé après eux, & je m’attachai fortement à

78 552 486 36 cette importante queſtion, dans la confiance que les

78 576 486 36 loix de la Méchanique me fourniroient quelque

78 598 301 38 moyen de réſoudre le Problême.

95 622 468 36 Lorsque je crus en être venu à bout, & que je

78 648 488 32 commençai à parler de ma découverte, on me dit

77 668 487 38 qu'elle n’étoit pas nouvelle, & on m’indiqua les

78 688 305 41 Auteurs que je devois conſulter.

88 716 476 35 Les démonſtrations que j’avois devers moi me

78 738 485 37 firent croire que je me ſerois rencontré avec eux;

78 763 485 37 aussi n’étoit-ce pas là ce qui cauſoit l’impatience que

78 785 486 37 j'avois de lire leurs Ouvrages; ce n’étoit qu’une

77 808 487 35 pure curioſité de ſavoir ſi dans la ſolution de cette

78 832 483 37 queſtion j'avois ſuivi les voies les plus ſimples,

78 856 483 36 mais je fus étonné de trouver que les mêmes ſup¬

77 877 483 40 poſitions que j'avois rejetées comme dangereuſes,

78 899 367 42 étoient celles dont ils s’étoient ſervis.

94 924 469 38 Si la lecture de leurs Ouvrages avoit précédé

78 947 484 39 mes réflexions, peut-être ne me ſerois-je jamais

78 970 482 37 aviſé de travailler ſur cette matière : les ſupposi¬

475 1001 12 37 F
