795 1200
128 8 537 36 C'eſt le Iuſte LOVIS, le domteur des rebelles,

123 30 555 48 L’arbitre & balanceur des Chreſtiennes quereles,

122 66 470 43 Lequel à-peine auoit la mammelle quitté,

124 99 483 42 Qu'en ſes plus tendres ans il deuint redouté

122 130 492 44 Des lions les plus fiers par la meure prudence

121 164 486 44 De celle qui pour lors regentoit noſtre France

121 196 589 47 L'honneur des MEDICIS veufue du plus grand Roy

124 227 504 53 Qui jamais les humains modera ſous ſa loy.

120 260 440 48 Et vous aués oſé harceler vn tel Prince,

120 293 512 50 Et penſé l'affronter meſme dans ſa Prouince!

121 329 460 47 Sçachés, ô étourdis, que ce n'est point aſſé

120 359 474 47 Que d’auoir entrepris ou d’auoir commencé,

121 392 523 48 C’eſt la fin qui fait tout: celui-là ſe peut dire

118 426 510 44 Auoir bien commencé qui peut le dernier rire.

151 458 501 50 La France eſtoit en paix auecque ſes voiſins,

118 491 489 49 Le Roy tendoit les bras à ſes ſujets mutins,

115 524 474 48 Et benin leur ouuroit les treſors de ſa grace

118 558 585 50 Pour des nouueaux lauriers conquerir dans la Thrace,

117 589 474 54 Quand l’Eſprit de diſcorde ennemi du repos

116 625 472 50 Au Conſeil d’Albion vint tenir ce propos:

117 658 445 50 Quelle honte eſt-ce cy, ô ames caſanieres,

118 692 514 51 Que dedans voz Palais vous ſoiez priſonnieres

113 724 473 49 En ce temps que déuriez pour voſtre nation

113 756 431 47 Du monde rechercher la domination?

110 790 480 48 Où eſt de voz Majeurs la haute renommee?

114 822 471 49 Ou eſt du vaillant Drach la vertu eſtimee?

112 856 436 46 Auez-vous oublié la Royne Elizabeth

111 887 441 52 Qui jadis manta l’Eſpagnol en barbet?

109 918 519 57 Elle a triomphamment regné pour vne femme.

111 951 580 62 Mais vous ne viuez plus aujourd’huy qu'en diffame.

109 987 471 51 Au lieu de conquerir vous ne conſeruez pas

107 1022 454 52 De voz confederez seulement les Estats.

22 571 87 33 Thrace,

13 595 98 38 ſt le païs

15 623 88 35 eſt ſiſe

9 651 89 33 onſtanti¬

12 675 32 38 ple

10 703 96 35 bion, c'eſt

12 733 64 36 ngle¬

12 758 24 35 re.

16 789 73 31 ns cete

17 815 75 34 vne fut

14 838 85 38 l'an 1588

10 867 83 34 Faite &

13 894 72 31 nee la

14 922 83 36 nde ar¬

17 947 91 39 e nauale

16 972 67 40 ſpagne

16 1005 45 31 400.

15 1030 40 31 les.
