1024 1390
429.0 121.0 13.0 49.0 3

102.0 155.0 656.0 45.0 & reſte dans cet état pour peu qu’on la tienne agitée:

104.0 183.0 654.0 46.0 ſi elle y eſt mêlée avec d’autres Terres, elle ne ſe pré¬

106.0 215.0 652.0 46.0 cipite que la derniere avec les Terres végétales & ani¬

104.0 242.0 395.0 45.0 males, ce qui prouve ſa legéreté.

132.0 266.0 618.0 51.0 La Marne pétille dans le feu lorſqu’elle eſt humide (a);

102.0 300.0 648.0 48.0 & pouſſée enſuite à un feu violent, elle ne s’y vitrifie point

102.0 327.0 648.0 49.0 lorſquelle eſt pure; mais ſi on la mêle avec de l’argille

102.0 361.0 648.0 53.0 elle ſe fond, & fait un corps blanc opaque, ſuivant la

102.0 387.0 321.0 44.0 découverte de Mr. Pott (b).

127.0 416.0 621.0 43.0 La Marne enfin fertiliſe la Terre pour un grand nom¬

98.0 444.0 650.0 51.0 bre d’années, ſur tout lorſqu’elle eſt d’une bonne qua¬

100.0 476.0 650.0 49.0 lité, & qu’on en a répandu une quantité convenable.

98.0 504.0 650.0 48.0 Son effet dure ſuivant Mr. Liger (c) 20 à 30 ans; aucun

98.0 537.0 650.0 49.0 autre engrais ne peut lui être comparé, puiſque l’effet

102.0 565.0 646.0 49.0 du fumier ordinaire, qui, aprés la Marne & la Chaux,

100.0 595.0 650.0 47.0 laquelle eſt une vraie Marne artificielle, eſt l’engrais le

100.0 625.0 650.0 48.0 plus durable, ne ſubſiſte au plus dans les meilleures Ter¬

98.0 656.0 255.0 41.0 res, que 5 ou 6 ans.

119.0 680.0 633.0 51.0 La Marne varie beaucoup en couleur & en dureté;

98.0 710.0 652.0 51.0 il y en a de blanche, de jaune, de rouge & de bleue,

98.0 739.0 656.0 49.0 la blanche & la plus pulverulente eſt la meilleure; la

98.0 773.0 656.0 45.0 craye ne différe point eſſentiellement de la Marne, mais

98.0 801.0 654.0 45.0 ſeulement par ſon état de concretion, puiſque d’ailleurs

98.0 831.0 656.0 46.0 elle a toutes ſes proprietés calcaires & alkalines &

98.0 858.0 325.0 43.0 qu’elle fertiliſe les Terres.

125.0 886.0 625.0 49.0 On peut tirer du règne mineral, des ſubſtances qui

96.0 920.0 654.0 42.0 par la trituration ou la calcination, donneront des Ter¬

96.0 948.0 654.0 44.0 res calcaires & alkalines, qu’on pourra ſubſtituer à la

96.0 975.0 654.0 49.0 Marne, s’il eſt poſſible de s’en procurer une grande

96.0 1007.0 654.0 45.0 quantité; de cette eſpèce ſont tous les Marbres, à l’ex¬

96.0 1037.0 654.0 44.0 ception de ceux qui après leur calcination donnent du

98.0 1062.0 652.0 51.0 Gyps au lieu de Chaux, le Spath alkalin, l'Ardoiſe, la

93.0 1092.0 655.0 51.0 Craye noire, le Tuph l'Oſteocolle, la Pierre judaïque, la

93.0 1126.0 655.0 59.0 Ierre d’Angleterre, & la Terre d'Alun : enfin, toutes

763 346 114 39 14. pag. 121.

763 283 148 29 (a) Le Gentill¬

763 304 144 30 homme cultiva¬

763 323 146 38 teur, liv. 2. chap.

758 406 147 32 (c) Lithogeogeo¬

758.0 427.0 145.0 43.0 ſic tom. 1. pag.

758 448 60 51 40-42.

763 525 140 38 (c) Maiſon ruſti¬

756 546 43 53 que.

544.0 1164.0 66.0 53.0 A ij
