899 1200
499 123 12 22 4

204 132 596 35 ſantes, qui ne peuvent paſſer librement par où la Matiére-ſubtile

204 160 595 28 ſeule paſſeroit ſans nul effort; & pour nous prouver ce qu’il

204 180 595 32 nous avance, il nous cite une Experience qui paroît oppoſée à

203 202 595 34 celle que nous fîmes en 1724, ſur le Dromadaire, Vaiſſeau de

204 224 328 32 Roi, allant à Cayéne. Il nous dit:

226 246 571 34 L'Eau de la Mer eſt d’autant plus peſante qu’elle approche plus

203 268 593 34 du Fond. On attache à la Sonde, qui eſt un Poids conſiderable,

202 292 596 32 de Plomb, attaché lui-même à une extrémité d’une fort longue

202 314 591 34 Corde: on attache, dis-je, à la Sonde, une Bouteille de verre,

202 338 594 32 cilindrique, ovale ou ronde, vuide, bouchée avec un Bouchon

203 360 595 32 enduit de Goudron, cachetée de Cire-d’Eſpagne, fermée avec toute

202 382 594 32 l'exactitude poſſible. La Bouteille vuide; entraînée par le Poids

202 405 592 30 de la Sonde, décend dans les Abîmes: Retirez-la, vous étes

202 428 592 32 ſurpris de voir, du moins quelquefois, la Bouteille preſque pleine

202 450 594 32 d’une Eau claire, extraordinairement ſalée. Comment est-elle en¬

202 472 592 32 trée dans la Bouteille, cette Eau claire & ſi ſalée? Eſt-ce que la

202 494 592 32 Bouteille à force de décendre, s’eſt trouvée dans des Couches

201 516 593 33 d’Eau ſi peſantes, que dans l’excès de la Compreſſion, quantité de

201 539 591 34 Parties de Sel déliées, mais ſolides, ſe ſont fait un paſſage au tra¬

202 562 589 32 vers des Pores de la Bouteille, & que ces Pointes de Sel ont em¬

200 585 591 31 porté dans la Bouteille, quantité de Particules d’Eau, liées & unies

200 608 590 30 étroitement avec elles? Il faut du moins qu’à une certaine Pro¬

200 629 592 31 fondeur, l’Eau ſalée de la Mer ſe trouve étrangement comprimée,

200 652 590 32 pour ſe faire un accès dans la Bouteille par les inſterſtices d’un

200 673 590 35 Bouchon couvert & enduit de Matiéres ſi compacte. Celle qui

201 697 589 33 paroît oppoſée, & même contraire, c’eſt une Bouteille pleine

200 720 587 29 d'Eau de Mer, fermée avec les mêmes Précautions que ci-deſſus,

200 741 590 31 jetée de la même maniére, par le Travers du fameux Fleuve des

200 764 589 34 Amazones, qui, par la rapidité de ſon Cours, fait diſtinguer ſes

200 786 592 35 Eaux, qui ne ſont qu’un peu ſaumatres, à plus de vingt lieuës au

200 808 592 35 Large dans l’Océan, & qui retirée, au lieu d’être ſalée, ne ſe trou¬

201 832 589 31 ve qu’un peu ſaumatre, & telle qu’elle eſt dans les Riviéres où

199 853 591 33 le Flux & Reflux ſe fait ſentir. Examinons d’abord la Propoſition

200 876 590 36 du R. P. Regnault, & découvrons, s’il eſt poſſible, la cauſe de ce

204 899 119 31 Phenoméne.

220 916 571 39 On ne peut diſconvenir que la Propoſition du R. P. Regnault

202 944 589 32 peut étre priſe en deux ſens: Car, ou il a prétendu dire que les

202 966 588 41 Couches des Liqueurs, conſiderées ſéparément, péſent plus ou

717 994 70 36 moins,
