398 640
55 18 17 27 46

120 12 213 24 LES AMOVRS DE LEANDRE

86 37 262 32 Heron voyant Leandre pres du bord.

52 71 228 28 Te voila garanti courage cher amant

52 91 238 27 Redouble tes efforts, ſors de cet Element,

51 112 263 25 Amour qui te prepare vne meilleur fortune

51 130 258 27 Se fache de te voir ſi long temps à Neptune,

58 150 257 30 Quitte ce Dieu jaloux qui nous veut ſeparer

112 178 200 27 Leandre ſortant de la Mer.

50 202 248 31 Il n' a ſçeu m'empeſcher de venir t’adorer,

50 225 273 28 Ny ſes vens, ny ſes flots n'ont pas aßes de rage

50 246 256 24 Pour te priuer jamais d’vn ſi deuot homage,

50 264 279 27 Me voicy (belle Heron) par miracle nouueau

50 283 289 29 Le cœur bruſlé d’Amour, le corps glacé de l'eau.

179 305 77 21 HERON.

51 320 247 29 Il eſt vray tes cheueux distilent vne pluye

52 342 232 25 Aproche mon eſpoir ça que ie les eſſuye,

52 361 239 25 Ce voile que Venus ſacra ſur ſes Autels

53 379 244 27 Te rendra ce deuoir, miracle des mortels.

166 402 100 20 LEANDRE.

54 415 262 30 Quel Amant icy bas eut iamais plus de gloire

54 439 239 23 Ie doute toutesfois ſi ie le dois bien croire,

54 457 244 26 si fort ie ſuis rauy, de voir que ta beauté

54 476 287 27 Prene de ſoins pour moy, qu’vn Dieu n’a merité.

181 498 77 21 HERON.

54 511 273 30 Pourueu que les effects confirment les promeſſes

55 535 250 28 Tu peus bien eſperer de plus cheres careſſes.

172 557 98 21 LEANDRE,

55 571 280 34 Tu n'as qu'a mordonner ce que tu veux de moy
