683 1200
335 10 42 21 10

62 29 597 56 cordieux de ſon naturel, appelle auprés

57 72 605 60 de ſa Majeſté tant d'ingenieux & de

56 122 605 62 braues Capitaines, pour leur monſtrer

58 167 602 62 par les loix de la guerre comme ils tra¬

56 216 604 55 ment eux-meſmes leur infortune, qu’il

58 263 601 60 est impoſſible que dans peu de temps

56 306 602 64 leur forcenerie ne ſoit chãgée en pleurs

57 364 244 50 & deſolations.

78 397 578 64 La conſtruction de tant de Forts auſ¬

57 448 603 62 quels on trauaille iournellement, & les

57 497 603 57 deſtournemens des eaux douces qui al¬

56 542 604 58 loient dans la ville de la Rochelle, ſont

57 588 601 63 des preſages infaillibles de leur deſa¬

56 636 602 62 ſtre: La fidelité des ſoldats & Capitai¬

54 685 607 61 nes, auec le zele & l’affection qu’ils ont

56 730 604 59 au ſeruice de ſa Majeſté, leur ſeruira

58 780 602 58 d’vn fleau de nuiſance & les preparatifs

60 826 598 61 de guerre que l’on diſpoſe de iour à au¬

58 874 603 62 tre pour les preſſer ſeront les eſguillons

57 922 601 63 les plus poignans pour leur faire ad¬

57 979 312 57 uoüer leur temerité.
