776 1200
438 44 25 45 8

157 82 333 62 Par la cauſe & par les effets,

160 124 342 58 Que les miracles ont vn eſtre;

160 149 523 70 Puis que du beau milieu de tant de maux vnis,

159 194 435 62 Tu tires deuant eux des plaiſirs infinis.

196 238 290 56 Que ſi ceſte ville Rebelle,

159 280 298 52 Dont hyer l’iniuſte fureur,

160 314 360 56 Demandoit le ſang & l’horreur,

160 354 343 56 Se plaiſt dedans ceſte nouuelle,

160 386 467 58 Iuge (GRAND ROY) combien Paris

160 429 328 55 Et tout le peuple qui l’habite,

162 462 359 59 Dont les courages bien nourris

161 503 355 61 Cheriſſent leur Roy ſans limite,

163 538 498 62 Apres l'heureux ſuccez d'vn monde d’actions

164 580 453 58 Fera tout raiſonner l’air d’acclamations.

206 621 357 55 Quitte donc ces terres eſtranges,

167 666 351 48 Retraitte de tous les peruers,

168 702 352 48 Paris t’attend à bras ouuerts,

171 736 377 54 Qui te veut chanter des loüanges!

169 780 313 48 Là les Rois les plus reculez,

167 812 379 52 Lors que tu ſeras en ton Throſne,

168 851 330 55 Entendant tes faits signalez,

170 890 414 51 Viendront t’apporter leur Couronne:

171 924 568 56 Mais nõ pas pour trois iours cõme à l’vn des Ceſars:

170 958 557 62 Mais tant que les François ſuiuront tes eſtendars.

220 1002 378 56 Viens donc icy reprendre haleine,

173 1045 364 51 Et mettre en fin les armes bas,

173 1084 340 50 Faiſant ſucceder aux combas

174 1124 353 52 Les embraſſemens de la Reyne,

703 1166 43 33 Afin
